@MANUAL{beameruserguide,
  author = {Till Tantau and Joseph Wright and Vedran MiletiÄ‡},
  title = {{The Beamer Class User Guide for version 3.12}},
  year = {2011},
}
@ARTICLE{shannon1948,
  author = {Shannon, Claude E.},
  title = {A mathematical theory of communication},
  journal = {Bell System Technical Journal},
  year = {1948},
  volume = {27},
  pages = {379--423, 523--656},
  month = jul # " and " # oct,
  url = {http://cm.bell-labs.com/cm/ms/what/shannonday/paper.html}
}
