@MANUAL{beameruserguide,
	author = {Till Tantau and Joseph Wright and Vedran MiletiÄ‡},
	title = {{The Beamer Class User Guide for version 3.12}},
	year = {2011},
}
